%%%% ARTICLES

@article{convergence_of_allen_cahn_equation_to_multiphase_mean_curvature_flow,
	author = {Laux, Tim and Simon, Theresa},
	year = {2016},
	month = {06},
	pages = {},
	title = {Convergence of the Allen‚ÄêCahn Equation to Multiphase Mean Curvature Flow},
	volume = {71},
	journal = {Communications on Pure and Applied Mathematics},
	doi = {10.1002/cpa.21747}
}

@article{baldo_minimal_interface_criterion,
	author = {Baldo, Sisto},
	title = {Minimal interface criterion for phase transitions in mixtures of {Cahn-Hilliard} fluids},
	journal = {Annales de l'I.H.P. Analyse non lin\'eaire},
	pages = {67--90},
	publisher = {Gauthier-Villars},
	volume = {7},
	number = {2},
	year = {1990},
	zbl = {0702.49009},
	mrnumber = {1051228},
	language = {en},
	url = {http://www.numdam.org/item/AIHPC_1990__7_2_67_0/}
}

%%%% BOOKS

@book{maggi_sets_of_finite_perimeter, 
	place={Cambridge}, 
	series={Cambridge Studies in Advanced Mathematics}, 
	title={Sets of Finite Perimeter and Geometric Variational Problems: An Introduction to Geometric Measure Theory}, 
	DOI={10.1017/CBO9781139108133}, 
	publisher={Cambridge University Press}, 
	author={Maggi, Francesco}, 
	year={2012}, 
	collection={Cambridge Studies in Advanced Mathematics}
}